
@online{KeithThesis,
  author       = {Keith Andrews},
  title        = {Writing a Thesis: Guidelines for Writing a Master's Thesis
                  in Computer Science},
  howpublished = {Graz University of Technology, Austria},
  month        = dec,
  year         = 2011,
  url          = {http://ftp.iicm.edu/pub/keith/thesis/}
}

@Book{Bringhurst1993,
  author =   {Bringhurst, Robert},
  title =    {The Elements of Typographic Style},
  year =   1993,
  edition =    {1},
}

@Book{Eijkhout2008,
  author =   {Victor Eijkhout},
  ALTeditor =    {},
  title =    {\TeX{} by Topic, a \TeX{}nician's Reference},
  publisher =    {},
  year =   2008,
  OPTkey =   {},
  OPTvolume =    {},
  OPTnumber =    {},
  OPTseries =    {},
  OPTaddress =   {},
  edition =    {document revision 1.2},
  month =    may,
  url =          {http://www.eijkhout.net/texbytopic/texbytopic.html},
  OPTnote =    {},
  OPTannote =    {}
}

@book{StrunkWhite,
  author       = {Strunk, Jr, William and Elwyn Brooks White},
  title        = {The Elements of Style},
  publisher    = {Longman},
  edition      = {Fourth},
  year         = 1999,
  isbn         = {020530902X},
}

@booklet{Strunk,
  author       = {Strunk, Jr, William},
  title        = {The Elements of Style},
  edition      = {First},
  year         = 1918,
  url          = {http://www.bartleby.com/141/},
}

@booklet{NASAGuide,
  author       = {Mary K. McCaskill},
  title        = {Grammar, Punctuation, and Capitalization:
                  A Handbook for Technical Writers and Editors},
  howpublished = {NASA Langley Research Center SP-7084},
  day          = 3,
  month        = aug,
  year         = 1998,
  url          = {http://stipo.larc.nasa.gov/sp7084/},
}

@book{Zobel-WritingCompSci,
  author       = {Justin Zobel},
  title        = {Writing for Computer Science},
  edition      = {Second},
  publisher    = {Springer},
  year         = 2004,
  isbn         = {1852338024},
}

@book{BugsInWriting,
  author       = {Lyn Dupre},
  title        = {Bugs in Writing: A Guide to Debugging Your Prose},
  publisher    = {Addison-Wesley},
  edition      = {Second},
  year         = 1998,
  isbn         = {020137921X},
}

@book{Phillips-HowGetPhD,
  author       = {Estelle M. Phillips and Derek S. Pugh},
  title        = {How to Get a PhD},
  edition      = {Fourth},
  publisher    = {Open University Press},
  year         = 2005,
  isbn         = {0335216846},
}

@online{Roget,
  author       = {Roget},
  title        = {Roget's Interactive Thesaurus},
  year         = 2004,
  url          = {http://www.thesaurus.com/},
}

@online{RogetII,
  author       = {Roget},
  title        = {Roget's II: The New Thesaurus},
  edition      = {Third},
  year         = 1995,
  url          = {http://www.bartleby.com/62/},
}


@online{DictionaryCom,
  author       = {dictionary.com},
  title        = {dictionary.com},
  year         = 2004,
  url          = {http://dictionary.com/},
}

@online{DictLeoOrg,
  author       = {Leo},
  title        = {Leo English-German Dictionary},
  year         = 2004,
  url          = {http://dict.leo.org/},
}

@online{DictChemnitz,
  author       = {TU Chemnitz},
  title        = {German-English Dictionary},
  year         = 2004,
  url          = {http://dict.tu-chemnitz.de/},
}